@Misc{set_wolfram,
howpublished = {[EB/OL]},
note = {\url{https://mathworld.wolfram.com/MandelbrotSet.html} Accessed June 30, 2022},
title = {Mandelbrot Set -- from Wolfram MathWorld},
author = {Wolfram}
}

@Misc{mandelbort_wiki,
howpublished = {[EB/OL]},
note = {\url{https://en.wikipedia.org/wiki/Benoit_Mandelbrot} Accessed June 30, 2022},
title = {Benoit Mandelbrot},
author = {Wikipedia}
}

@Misc{set_wiki,
howpublished = {[EB/OL]},
note = {\url{https://en.wikipedia.org/wiki/Mandelbrot_set} Accessed June 30, 2022},
title = {Benoit Mandelbrot},
author = {Wikipedia}
}


@Misc{set_pic,
howpublished = {[EB/OL]},
note = {\url{https://jooinn.com/mandelbrot-set-3.html} Accessed June 30, 2022},
title = {Free photo: Mandelbrot Set},
author = {JOOINN}
}