@Misc{ref1,
howpublished = {[EB/OL]},
note = {\url{https://asahilinux.org} Accessed June 29, 2022},
title = {Asahi Linux},
author = {}
}

@Misc{ref2,
howpublished = {[EB/OL]},
note = {\url{https://extensions.gnome.org} Accessed June 29, 2022},
title = {GNOME Shell Extensions},
author = {}
}

@Misc{ref3,
howpublished = {[EB/OL]},
note = {\url{https://cdgzu.com/article/488802/} Accessed June 29, 2022},
title = {使 Arch Linux 更稳定的 5 种方法},
author = {Hi Linux}
}