
@misc{ enwiki-juliaset,
howpublished = "\url{https://en.wikipedia.org/wiki/Julia_set}",
year = "2022",
note = "Accessed:2022-07-04",
title = "{The Julia Set}",
author = "Wikipedia"
}

@misc{ enwiki-mandelbortset,
howpublished = "\url{https://en.wikipedia.org/w/index.php?title=Mandelbrot_set}",
year = "2022",
note = "Accessed:2022-07-04",
title = "{Mandelbrot Set}",
author = "{Wikipedia}"
}

@Misc{enwiki-mandelbort,
howpublished = "\url{https://en.wikipedia.org/wiki/Benoit_Mandelbrot}",
year = "2022",
note = "Accessed:2022-07-04",
title = "{Benoit Mandelbrot}",
author = "{Wikipedia}"
}

@misc{ website-juliaset,
howpublished = "\url{https://complex-analysis.com/content/julia_set.html}",
year = "2022",
note = "Accessed:2022-07-04",
title = "{The Julia Set}",
author = "{Juan Carlos Ponce Campuzano}"
}

@article{ book-julia,
author = {Gaston Julia},
title = {Mémoire sur l'iteration des fonctions rationnelles},
journal = {Journal de Mathématiques Pures et Appliquées},
volume = {vol.8.47},
year = {1918}}

@misc{ website-julia-mandelbrot,
howpublished = "\url{http://www.matrix67.com/blog/archives/4570}",
year = "2022",
note = "Accessed:2022-07-04",
title = "再谈Julia集与Mandelbrot集",
author = "{Complex Analysis}"
}

@misc{ website-julia,
howpublished = "\url{https://www.britannica.com/biography/Gaston-Maurice-Julia}",
year = "2022",
note = "Accessed:2022-07-04",
title = "{Gaston Maurice Julia | French mathematician | Britannica}",
author = "{Britannica}"
}

@misc{ pic-julia,
howpublished = "\url{https://mathshistory.st-andrews.ac.uk/Biographies/Julia/}",
year = "2022",
note = "Accessed:2022-07-04",
title = "{Gaston Julia (1893 - 1978) - Biography - MacTutor History of Mathematics}",
author = "{MacTutor}"
}